This file was created with JabRef 2.2.
Encoding: Cp1252

@BOOK{LComp2004,
  title = {The LaTeX Companion Second Edition},
  publisher = {Addison-Wesley},
  year = {2004},
  author = {Frank Mittelbach and Michael Goossens}
}

@MISC{Parkin2005,
  author = {Scott Pakin},
  title = {The Comprehensive {\LaTeX{}} Symbol List},
  year = {2005}
}

